% Encoding: UTF-8

@book{mendel,
	author        = "Dmitri Mendeleev",
	title         = "The principles of chemistry",
	address       = "Saint Petersburg",
	year          = "1869"
}
@article{lumi_witold,
	author        = "Grafström, P and Kozanecki, W",
	title         = "{Luminosity determination at proton colliders}",
	journal       = "Prog. Part. Nucl. Phys.",
	volume        = "81",
	pages         = "97-148. 52 p",
	year          = "2015",
	url           = "http://cds.cern.ch/record/2153734",
	doi           = "10.1016/j.ppnp.2014.11.002",
}

@report{ID,
	author = {Sam Meehan for the ATLAS luminosity group},
	title = {Low-mu Luminosity
	Calibration},
	institution = {CERN},
	date = {19.05.2020},
	OPTurl = {https://indico.cern.ch/event/919093/contributions/3866844/attachments/2041254/3419132/meehan_LowMuLumi_ATLASWeekly_190520.pdf},
	OPTurldate = {19.05.2020}
}

@techreport{vdm1,
	author        = "van der Meer, S",
	title         = "{Calibration of the effective beam height in the ISR}",
	institution   = "CERN",
	address       = "Geneva",
	number        = "CERN-ISR-PO-68-31. ISR-PO-68-31",
	year          = "1968",
	url           = "https://cds.cern.ch/record/296752",
}
@techreport{vdm2,
	author        = "Rubbia, Carlo",
	title         = "{Measurement of the luminosity of p$-overline{p}$ collider
	with a (generalized) Van der Meer Method}",
	institution   = "CERN",
	address       = "Geneva",
	number        = "CERN-p$\overline{p}$-Note-38",
	month         = "Nov",
	year          = "1977",
	url           = "https://cds.cern.ch/record/1025746",
}
@book{lhc_tdr,
      author        = "Brüning, Oliver Sim and Collier, Paul and Lebrun, P and
                       Myers, Stephen and Ostojic, Ranko and Poole, John and
                       Proudlock, Paul",
      title         = "{LHC Design Report}",
      publisher     = "CERN",
      address       = "Geneva",
      series        = "CERN Yellow Reports: Monographs",
      year          = "2004",
      url           = "https://cds.cern.ch/record/782076",
      doi           = "10.5170/CERN-2004-003-V-1",
}

@book{Peskin,
	author        = "Peskin, Michael E and Schroeder, Daniel V",
	title         = "{An introduction to quantum field theory}",
	publisher     = "Westview",
	address       = "Boulder, CO",
	year          = "1995",
	url           = "https://cds.cern.ch/record/257493",
	note          = "Includes exercises",
}

@book{Berest,
	author        = "A.I. Akhiezer, V.B. Berestetskii.",
	title         = "{Quantum Electrodynamics}",
	publisher     = "Interscience Publishers",
	year          = "1965",
}

@book{bogol,
	author        = "N.N. Bogolyubov, D.V. Shirkov",
	title         = "{Quantum fields}",
	publisher     = "Addison-Wesley",
	year          = "1982",
}
@book{Srednicki,
	author        = "Srednicki, Mark",
	title         = "{Quantum Field Theory}",
	publisher     = "Cambridge Univ. Press",
	address       = "Cambridge",
	year          = "2007",
	url           = "https://cds.cern.ch/record/1019751",
}
@book{ryder,
	abstract = {This book is a modern introduction to the ideas and techniques of quantum
	field theory. After a brief overview of particle physics and a survey of
	relativistic wave equations and Lagrangian methods, the author develops the
	quantum theory of scalar and spinor fields, and then of gauge fields. The
	emphasis throughout is on functional methods, which have played a large part
	in modern field theory. The book concludes with a brief survey of
	"topological" objects in field theory and, new to this edition, a chapter
	devoted to supersymmetry. Graduate students in particle physics and high
	energy physics will benefit from this book.},
	added-at = {2014-01-09T15:14:33.000+0100},
	author = {Ryder, Lewis H.},
	biburl = {https://www.bibsonomy.org/bibtex/221dc06025f9100ba10bd6be401a990af/jaspervh},
	citeulike-article-id = {4568653},
	citeulike-linkout-0 = {http://www.amazon.ca/exec/obidos/redirect?tag=citeulike09-20&amp;path=ASIN/0521478146},
	citeulike-linkout-1 = {http://www.amazon.de/exec/obidos/redirect?tag=citeulike01-21&amp;path=ASIN/0521478146},
	citeulike-linkout-2 = {http://www.amazon.fr/exec/obidos/redirect?tag=citeulike06-21&amp;path=ASIN/0521478146},
	citeulike-linkout-3 = {http://www.amazon.jp/exec/obidos/ASIN/0521478146},
	citeulike-linkout-4 = {http://www.amazon.co.uk/exec/obidos/ASIN/0521478146/citeulike00-21},
	citeulike-linkout-5 = {http://www.amazon.com/exec/obidos/redirect?tag=citeulike07-20&path=ASIN/0521478146},
	citeulike-linkout-6 = {http://www.worldcat.org/isbn/0521478146},
	citeulike-linkout-7 = {http://books.google.com/books?vid=ISBN0521478146},
	citeulike-linkout-8 = {http://www.amazon.com/gp/search?keywords=0521478146&index=books&linkCode=qs},
	citeulike-linkout-9 = {http://www.librarything.com/isbn/0521478146},
	day = 13,
	edition = 2,
	howpublished = {Paperback},
	interhash = {a18c5d8bdbf227185b32dabf0dfa196e},
	intrahash = {21dc06025f9100ba10bd6be401a990af},
	isbn = {0521478146},
	keywords = {book, qft},
	month = jun,
	posted-at = {2010-02-17 15:35:13},
	priority = {2},
	publisher = {Cambridge University Press},
	timestamp = {2014-01-09T15:14:33.000+0100},
	title = {Quantum Field Theory},
	url = {http://www.worldcat.org/isbn/0521478146},
	year = 1996
}
@book{weinberg,
	added-at = {2009-06-11T11:33:08.000+0200},
	asin = {0521670535},
	author = {Weinberg, Steven},
	biburl = {https://www.bibsonomy.org/bibtex/2e52ce4bfd4a541de23835d5ab30cac2a/random3f},
	description = {Amazon.com: The Quantum Theory of Fields, Volume 1: Foundations: Steven Weinberg: Books},
	dewey = {530.143},
	ean = {9780521670531},
	interhash = {f12d4e382d4eed1b7ff7b5151e9995eb},
	intrahash = {e52ce4bfd4a541de23835d5ab30cac2a},
	isbn = {0521670535},
	keywords = {books field physics qft quantum theory},
	publisher = {Cambridge University Press},
	timestamp = {2009-06-11T11:33:08.000+0200},
	title = {The Quantum Theory of Fields, Volume 1: Foundations},
	url = {http://www.amazon.com/Quantum-Theory-Fields-Foundations/dp/0521670535%3FSubscriptionId%3D13CT5CVB80YFWJEPWS02%26tag%3Dws%26linkCode%3Dxm2%26camp%3D2025%26creative%3D165953%26creativeASIN%3D0521670535},
	year = 2005
}



@article{isotopes,
	title = {The Radio-Elements and the Periodic Law},
	author = {Soddy, F.},
	journal = {Nature},
	volume = {91},
	issue = {20},
	pages = {57-58},
	numpages = {0},
	year = {1913},
	month = {Mar},
	publisher = {Springer Nature},
	doi = {10.1038/091057a0},
	url = {https://doi.org/10.1038/091057a0}
}

@article{neutron,
	title = {The existence of a neutron},
	author = {Chadwick, J.},
	journal = { Proceedings of the Royal Society A.},
	volume = {151},
	pages = {479–493},
	numpages = {0},
	year = {1932},
	publisher = {Royal Society},
	month = {June},
	doi = {10.1098/rspa.1932.0112},
	url = {https://doi.org/10.1098/rspa.1932.0112}
}

@article{positron_th,
	title = {The quantum theory of the electron},
	author = {Dirac, P. A. M.},
	journal = { Proceedings of the Royal Society A.},
	volume = {117},
	pages = {610–624},
	numpages = {0},
	year = {1928},
	publisher = {Royal Society},
	month = {February},
	doi = {10.1098/rspa.1928.0023},
	url = {https://doi.org/10.1098/rspa.1928.0023}
}

@Article{pion,
	author={LATTES, C. M. G.
	and MUIRHEAD, H.
	and OCCHIALINI, G. P. S.
	and POWELL, C. F.},
	title={PROCESSES INVOLVING CHARGED MESONS},
	journal={Nature},
	year={1947},
	month={May},
	day={01},
	volume={159},
	number={4047},
	pages={694-697},
	abstract={In recent investigations with the photographic method1,2, it has been shown that slow charged particles of small mass, present as a component of the cosmic radiation at high altitudes, can enter nuclei and produce disintegrations with the emission of heavy particles. It is convenient to apply the term `meson' to any particle with a mass intermediate between that of a proton and an electron. In continuing our experiments we have found evidence of mesons which, at the end of their range, produce secondary mesons. We have also observed transmutations in which slow mesons are ejected from disintegrating nuclei. Several features of these processes remain to be elucidated, but we present the following account of the experiments because the results appear to bear closely on the important problem of developing a satisfactory meson theory of nuclear forces.},
	issn={1476-4687},
	doi={10.1038/159694a0},
	url={https://doi.org/10.1038/159694a0}
}

@article{gellMann,
	author = "Gell-Mann, Murray",
	title = "{A Schematic Model of Baryons and Mesons}",
	doi = "10.1016/S0031-9163(64)92001-3",
	journal = "Phys. Lett.",
	volume = "8",
	pages = "214--215",
	year = "1964"
}
@article{zweig,
	author        = "Zweig, G",
	title         = "{An SU$_3$ model for strong interaction symmetry and its
	breaking; Version 2}",
	number        = "CERN-TH-412",
	pages         = "80 p",
	month         = "Feb",
	year          = "1964",
	url           = "http://cds.cern.ch/record/570209",
	note          = "Version 1 is CERN preprint 8182/TH.401, Jan. 17, 1964",
}
@article{omega,
	title = {Observation of a Hyperon with Strangeness Minus Three},
	author = {Barnes, V. E. and Connolly, P. L. and Crennell, D. J. and Culwick, B. B. and Delaney, W. C. and Fowler, W. B. and Hagerty, P. E. and Hart, E. L. and Horwitz, N. and Hough, P. V. C. and Jensen, J. E. and Kopp, J. K. and Lai, K. W. and Leitner, J. and Lloyd, J. L. and London, G. W. and Morris, T. W. and Oren, Y. and Palmer, R. B. and Prodell, A. G. and Radoji\ifmmode \check{c}\else \v{c}\fi{}i\ifmmode \acute{c}\else \'{c}\fi{}, D. and Rahm, D. C. and Richardson, C. R. and Samios, N. P. and Sanford, J. R. and Shutt, R. P. and Smith, J. R. and Stonehill, D. L. and Strand, R. C. and Thorndike, A. M. and Webster, M. S. and Willis, W. J. and Yamamoto, S. S.},
	journal = {Phys. Rev. Lett.},
	volume = {12},
	issue = {8},
	pages = {204--206},
	numpages = {0},
	year = {1964},
	month = {Feb},
	publisher = {American Physical Society},
	doi = {10.1103/PhysRevLett.12.204},
	url = {https://link.aps.org/doi/10.1103/PhysRevLett.12.204}
}

@article{muon_exp,
	title = {Note on the Nature of Cosmic-Ray Particles},
	author = {Neddermeyer, Seth H. and Anderson, Carl D.},
	journal = {Phys. Rev.},
	volume = {51},
	issue = {10},
	pages = {884--886},
	numpages = {0},
	year = {1937},
	month = {May},
	publisher = {American Physical Society},
	doi = {10.1103/PhysRev.51.884},
	url = {https://link.aps.org/doi/10.1103/PhysRev.51.884}
}


@Article{kaon,
	author={ROCHESTER, G. D.
	and BUTLER, C. C.},
	title={Evidence for the Existence of New Unstable Elementary Particles},
	journal={Nature},
	year={1947},
	month={Dec},
	day={01},
	volume={160},
	number={4077},
	pages={855-857},
	abstract={AMONG some fifty counter-controlled cloud-chamber photographs of penetrating showers which we have obtained during the past year as part of an investigation of the nature of penetrating particles occurring in cosmic ray showers under lead, there are two photographs containing forked tracks of a very striking character. These photographs have been selected from five thousand photographs taken in an effective time of operation of 1,500 hours. On the basis of the analysis given below we believe that one of the fonked tracks, shown in Fig. 1 (tracks a and b), represents the spontaneous transformation in the gas of the chamber of a new type of uncharged elementary particle into lighter charged particles, and that the other, shown in Fig. 2 (tracks a and b), represents similarly the transformation of a new type of charged particle into two light particles, one of which is charged and the other uncharged.},
	issn={1476-4687},
	doi={10.1038/160855a0},
	url={https://doi.org/10.1038/160855a0}
}


@article{lambda0,
	title = {Evidence Concerning the Existence of the New Unstable Elementary Neutral Particle},
	author = {Hopper, V. D. and Biswas, S.},
	journal = {Phys. Rev.},
	volume = {80},
	issue = {6},
	pages = {1099--1100},
	numpages = {0},
	year = {1950},
	month = {Dec},
	publisher = {American Physical Society},
	doi = {10.1103/PhysRev.80.1099},
	url = {https://link.aps.org/doi/10.1103/PhysRev.80.1099}
}


@article{positron_exp,
	title = {The Positive Electron},
	author = {Anderson, C. D.},
	journal = { Physical Review},
	volume = {46},
	pages = {491–494.},
	numpages = {0},
	year = {1933},
	publisher = {American Physical Society},
	month = {March},
	doi = {10.1103/PhysRev.43.491},
	url = {https://doi.org/10.1103/PhysRev.43.491}
}


@article{cathode,
	title = {Cathode Rays},
	author = {Thompson, J.J.},
	journal = {Philosophical Magazine},
	volume = {44},
	year = {1897},
	month = {October},
	doi = {10.1002/andp.19053220806},
	url = {https://doi.org/10.1002/andp.19053220806}
}

@book{Rubakov:2002fi,
	author = "Rubakov, V.A.",
	title = "{Classical theory of gauge fields}",
	year = "2002"
}

@article{Schwinger_polariz,
	title = {Quantum Electrodynamics. II. Vacuum Polarization and Self-Energy},
	author = {Schwinger, Julian},
	journal = {Phys. Rev.},
	volume = {75},
	issue = {4},
	pages = {651--679},
	numpages = {0},
	year = {1949},
	month = {Feb},
	publisher = {American Physical Society},
	doi = {10.1103/PhysRev.75.651},
	url = {https://link.aps.org/doi/10.1103/PhysRev.75.651}
}

@article{Tomonaga,
	author = {Tomonaga, S.},
	title = "{On a Relativistically Invariant Formulation of the Quantum Theory of Wave Fields*}",
	journal = {Progress of Theoretical Physics},
	volume = {1},
	number = {2},
	pages = {27-42},
	year = {1946},
	month = {08},
	issn = {0033-068X},
	doi = {10.1143/PTP.1.27},
	url = {https://doi.org/10.1143/PTP.1.27},
	eprint = {https://academic.oup.com/ptp/article-pdf/1/2/27/24027031/1-2-27.pdf},
}

@article{Feynman_spacetime,
	title = {Space-Time Approach to Quantum Electrodynamics},
	author = {Feynman, R. P.},
	journal = {Phys. Rev.},
	volume = {76},
	issue = {6},
	pages = {769--789},
	numpages = {0},
	year = {1949},
	month = {Sep},
	publisher = {American Physical Society},
	doi = {10.1103/PhysRev.76.769},
	url = {https://link.aps.org/doi/10.1103/PhysRev.76.769}
}

@article{renorm,
	title = "Ambiguities in QED: Renormalons versus triviality",
	journal = "Physics Letters B",
	volume = "383",
	number = "4",
	pages = "482 - 486",
	year = "1996",
	issn = "0370-2693",
	doi = "https://doi.org/10.1016/0370-2693(96)00779-4",
	url = "http://www.sciencedirect.com/science/article/pii/0370269396007794",
	author = "D. Espriu and R. Tarrach",
	abstract = "We point out that, contrary to what is believed to hold for QCD, renormalons are genuine in QED; i.e. the ambiguities which come with them do not require cancellation by hypothetical non-perturbative contributions. They are just the ambiguities characteristic of any trivial — and thus effective — theory. If QED remained an isolated theory up to an energy close to its triviality scale, these ambiguities would surely hint at new physics. This not being so, the renormalon ambiguities in QED lead to no new physics, not even to non-perturbative contributions within QED itself."
}

@article{Schwinger_covar,
	title = {Quantum Electrodynamics. I. A Covariant Formulation},
	author = {Schwinger, J},
	doi = {10.1103/PhysRev.74.1439},
	journal = {Physical Review (U.S.) Superseded in part by Phys. Rev. A, Phys. Rev. B: Solid State, Phys. Rev. C, and Phys. Rev. D},
	volume = { 74},
	place = {Country unknown/Code not available},
	year = {1948},
	month = {11}
}

@article{Glashow:1959wxa,
	author = "Glashow, Sheldon L.",
	title = "The renormalizability of vector meson interactions",
	doi = "10.1016/0029-5582(59)90196-8",
	journal = "Nucl. Phys.",
	volume = "10",
	pages = "107--117",
	year = "1959"
}
@article{higgs,
	title = {Broken Symmetries and the Masses of Gauge Bosons},
	author = {Higgs, Peter W.},
	journal = {Phys. Rev. Lett.},
	volume = {13},
	issue = {16},
	pages = {508--509},
	numpages = {0},
	year = {1964},
	month = {Oct},
	publisher = {American Physical Society},
	doi = {10.1103/PhysRevLett.13.508},
	url = {https://link.aps.org/doi/10.1103/PhysRevLett.13.508}
}
@article{Hollik_2006,
	doi = {10.1088/1742-6596/53/1/002},
	url = {https://doi.org/10.1088%2F1742-6596%2F53%2F1%2F002},
	year = 2006,
	month = {nov},
	publisher = {IOP Publishing},
volume = {53},
pages = {7--43},
author = {Wolfgang Hollik},
title = {Electroweak Theory},
journal = {Journal of Physics: Conference Series},
abstract = {In this lecture we discuss the electroweak Standard Model, its quantum effects, and precision tests. We give an introduction to the construction of the basic Lagrangian, some details on the calculation of amplitudes at the one-loop level, higher-order calculations for electroweak precison observables are obtained, with emphasis on the W, Z masses and the Z resonance observables. The predictions of the Standard Model are compared with the experimental data, with implications for the Higgs bosons. A brief look to the supersymmetric extension of the Standard Model in terms of the MSSM and its performance in view of the precision data concludes the lecture.}
}

@article{brout,
	title = {Broken Symmetry and the Mass of Gauge Vector Mesons},
	author = {Englert, F. and Brout, R.},
	journal = {Phys. Rev. Lett.},
	volume = {13},
	issue = {9},
	pages = {321--323},
	numpages = {0},
	year = {1964},
	month = {Aug},
	publisher = {American Physical Society},
	doi = {10.1103/PhysRevLett.13.321},
	url = {https://link.aps.org/doi/10.1103/PhysRevLett.13.321}
}

@article{Gross,
	title = {Ultraviolet Behavior of Non-Abelian Gauge Theories},
	author = {Gross, David J. and Wilczek, Frank},
	journal = {Phys. Rev. Lett.},
	volume = {30},
	issue = {26},
	pages = {1343--1346},
	numpages = {0},
	year = {1973},
	month = {Jun},
	publisher = {American Physical Society},
	doi = {10.1103/PhysRevLett.30.1343},
	url = {https://link.aps.org/doi/10.1103/PhysRevLett.30.1343}
}

@article{Politzer,
	title = {Reliable Perturbative Results for Strong Interactions?},
	author = {Politzer, H. David},
	journal = {Phys. Rev. Lett.},
	volume = {30},
	issue = {26},
	pages = {1346--1349},
	numpages = {0},
	year = {1973},
	month = {Jun},
	publisher = {American Physical Society},
	doi = {10.1103/PhysRevLett.30.1346},
	url = {https://link.aps.org/doi/10.1103/PhysRevLett.30.1346}
}
@ARTICLE{Vanyashin,
	author = {{Vanyashin}, V.~S. and {Terent'ev}, M.~V.},
	title = "{The Vacuum Polarization of a Charged Vector Field}",
	journal = {Soviet Journal of Experimental and Theoretical Physics},
	year = 1965,
	month = aug,
	volume = {21},
	pages = {375},
	adsurl = {https://ui.adsabs.harvard.edu/abs/1965JETP...21..375V},
	adsnote = {Provided by the SAO/NASA Astrophysics Data System}
}


@article{weinberg2,
	title = {Physical Processes in a Convergent Theory of the Weak and Electromagnetic Interactions},
	author = {Weinberg, Steven},
	journal = {Phys. Rev. Lett.},
	volume = {27},
	issue = {24},
	pages = {1688--1691},
	numpages = {0},
	year = {1971},
	month = {Dec},
	publisher = {American Physical Society},
	doi = {10.1103/PhysRevLett.27.1688},
	url = {https://link.aps.org/doi/10.1103/PhysRevLett.27.1688}
}

@article{weinberg,
	title = {A Model of Leptons},
	author = {Weinberg, Steven},
	journal = {Phys. Rev. Lett.},
	volume = {19},
	issue = {21},
	pages = {1264--1266},
	numpages = {0},
	year = {1967},
	month = {Nov},
	publisher = {American Physical Society},
	doi = {10.1103/PhysRevLett.19.1264},
	url = {https://link.aps.org/doi/10.1103/PhysRevLett.19.1264}
}



@Article{Salam1959,
	author={Salam, Abdus and Ward, J. C.},
	title={Weak and electromagnetic interactions},
	journal={Il Nuovo Cimento (1955-1965)},
	year={1959},
	month={Feb},
	day={01},
	volume={11},
	number={4},
	pages={568-577},
	abstract={The postulate of a «local connection» in a [3] charge space leads to the introduction of three spin one fields. One of these can be identified with the electro-magnetic field and the other two can be shown to mediate all known weak interactions, thus unifying these interactions with electro-magnetism. The theory takes account of the fact that weak interactions violate parity and strangeness conservation while electromagnetic interactions do not do so.},
	issn={1827-6121},
	doi={10.1007/BF02726525},
	url={https://doi.org/10.1007/BF02726525}
}



@article{Dyson_smatr,
	title = {The $S$ Matrix in Quantum Electrodynamics},
	author = {Dyson, F. J.},
	journal = {Phys. Rev.},
	volume = {75},
	issue = {11},
	pages = {1736--1755},
	numpages = {0},
	year = {1949},
	month = {Jun},
	publisher = {American Physical Society},
	doi = {10.1103/PhysRev.75.1736},
	url = {https://link.aps.org/doi/10.1103/PhysRev.75.1736}
}


@article{Dyson_all,
	title = {The Radiation Theories of Tomonaga, Schwinger, and Feynman},
	author = {Dyson, F. J.},
	journal = {Phys. Rev.},
	volume = {75},
	issue = {3},
	pages = {486--502},
	numpages = {0},
	year = {1949},
	month = {Feb},
	publisher = {American Physical Society},
	doi = {10.1103/PhysRev.75.486},
	url = {https://link.aps.org/doi/10.1103/PhysRev.75.486}
}


@article{Feynman_math,
	title = {Mathematical Formulation of the Quantum Theory of Electromagnetic Interaction},
	author = {Feynman, R. P.},
	journal = {Phys. Rev.},
	volume = {80},
	issue = {3},
	pages = {440--457},
	numpages = {0},
	year = {1950},
	month = {Nov},
	publisher = {American Physical Society},
	doi = {10.1103/PhysRev.80.440},
	url = {https://link.aps.org/doi/10.1103/PhysRev.80.440}
}

@article{Feynman_positrons,
	title = {The Theory of Positrons},
	author = {Feynman, R. P.},
	journal = {Phys. Rev.},
	volume = {76},
	issue = {6},
	pages = {749--759},
	numpages = {0},
	year = {1949},
	month = {Sep},
	publisher = {American Physical Society},
	doi = {10.1103/PhysRev.76.749},
	url = {https://link.aps.org/doi/10.1103/PhysRev.76.749}
}


@article{Noether1918,
	author = {Noether, E.},
	journal = {Nachrichten von der Gesellschaft der Wissenschaften zu Göttingen, Mathematisch-Physikalische Klasse},
	language = {ger},
	pages = {235-257},
	title = {Invariante Variationsprobleme},
	url = {http://eudml.org/doc/59024},
	volume = {1918},
	year = {1918},
}

@article{pep,
	title = {Über den Einfluß der Geschwindigkeitsabhängigkeit der Elektronenmasse auf den Zeemaneffekt},
	author = {Pauli, W},
	journal = {Z. Phys.},
	volume = {31},
	year = {1925},
	pages = {373-385}
}

@article{PhysRevD.86.010001,
	title = {Review of Particle Physics},
	author = {Beringer, J. and Arguin, J. -F. and Barnett, R. M. and Copic, K. and Dahl, O. and Groom, D. E. and Lin, C. -J. and Lys, J. and Murayama, H. and Wohl, C. G. and Yao, W. -M. and Zyla, P. A. and Amsler, C. and Antonelli, M. and Asner, D. M. and Baer, H. and Band, H. R. and Basaglia, T. and Bauer, C. W. and Beatty, J. J. and Belousov, V. I. and Bergren, E. and Bernardi, G. and Bertl, W. and Bethke, S. and Bichsel, H. and Biebel, O. and Blucher, E. and Blusk, S. and Brooijmans, G. and Buchmueller, O. and Cahn, R. N. and Carena, M. and Ceccucci, A. and Chakraborty, D. and Chen, M. -C. and Chivukula, R. S. and Cowan, G. and D'Ambrosio, G. and Damour, T. and de Florian, D. and de Gouv\^ea, A. and DeGrand, T. and de Jong, P. and Dissertori, G. and Dobrescu, B. and Doser, M. and Drees, M. and Edwards, D. A. and Eidelman, S. and Erler, J. and Ezhela, V. V. and Fetscher, W. and Fields, B. D. and Foster, B. and Gaisser, T. K. and Garren, L. and Gerber, H. -J. and Gerbier, G. and Gherghetta, T. and Golwala, S. and Goodman, M. and Grab, C. and Gritsan, A. V. and Grivaz, J. -F. and Gr\"unewald, M. and Gurtu, A. and Gutsche, T. and Haber, H. E. and Hagiwara, K. and Hagmann, C. and Hanhart, C. and Hashimoto, S. and Hayes, K. G. and Heffner, M. and Heltsley, B. and Hern\'andez-Rey, J. J. and Hikasa, K. and H\"ocker, A. and Holder, J. and Holtkamp, A. and Huston, J. and Jackson, J. D. and Johnson, K. F. and Junk, T. and Karlen, D. and Kirkby, D. and Klein, S. R. and Klempt, E. and Kowalewski, R. V. and Krauss, F. and Kreps, M. and Krusche, B. and Kuyanov, Yu. V. and Kwon, Y. and Lahav, O. and Laiho, J. and Langacker, P. and Liddle, A. and Ligeti, Z. and Liss, T. M. and Littenberg, L. and Lugovsky, K. S. and Lugovsky, S. B. and Mannel, T. and Manohar, A. V. and Marciano, W. J. and Martin, A. D. and Masoni, A. and Matthews, J. and Milstead, D. and Miquel, R. and M\"onig, K. and Moortgat, F. and Nakamura, K. and Narain, M. and Nason, P. and Navas, S. and Neubert, M. and Nevski, P. and Nir, Y. and Olive, K. A. and Pape, L. and Parsons, J. and Patrignani, C. and Peacock, J. A. and Petcov, S. T. and Piepke, A. and Pomarol, A. and Punzi, G. and Quadt, A. and Raby, S. and Raffelt, G. and Ratcliff, B. N. and Richardson, P. and Roesler, S. and Rolli, S. and Romaniouk, A. and Rosenberg, L. J. and Rosner, J. L. and Sachrajda, C. T. and Sakai, Y. and Salam, G. P. and Sarkar, S. and Sauli, F. and Schneider, O. and Scholberg, K. and Scott, D. and Seligman, W. G. and Shaevitz, M. H. and Sharpe, S. R. and Silari, M. and Sj\"ostrand, T. and Skands, P. and Smith, J. G. and Smoot, G. F. and Spanier, S. and Spieler, H. and Stahl, A. and Stanev, T. and Stone, S. L. and Sumiyoshi, T. and Syphers, M. J. and Takahashi, F. and Tanabashi, M. and Terning, J. and Titov, M. and Tkachenko, N. P. and T\"ornqvist, N. A. and Tovey, D. and Valencia, G. and van Bibber, K. and Venanzoni, G. and Vincter, M. G. and Vogel, P. and Vogt, A. and Walkowiak, W. and Walter, C. W. and Ward, D. R. and Watari, T. and Weiglein, G. and Weinberg, E. J. and Wiencke, L. R. and Wolfenstein, L. and Womersley, J. and Woody, C. L. and Workman, R. L. and Yamamoto, A. and Zeller, G. P. and Zenin, O. V. and Zhang, J. and Zhu, R. -Y. and Harper, G. and Lugovsky, V. S. and Schaffner, P.},
	collaboration = {Particle Data Group},
	journal = {Phys. Rev. D},
	volume = {86},
	issue = {1},
	pages = {010001},
	numpages = {1528},
	year = {2012},
	month = {Jul},
	publisher = {American Physical Society},
	doi = {10.1103/PhysRevD.86.010001},
	url = {https://link.aps.org/doi/10.1103/PhysRevD.86.010001}
}

@techreport{Camarda_th,
	author        = "Camarda, S and Hanna, R and Huang, Y and Glazov, S and
	Boonekamp, M and Vranjes, N and Blanchard, JB and Radescu,
	V and Strohmer, R and Schott, M and Siragusa, G and
	Dimitrievska, A and Karnevskiy, M and Zimmermann, C and
	Andari, N and Kivernyk, O and Cuth, J and Lin, T-H",
	title         = "{Studies of theoretical uncertainties on the measurement
	of the mass of the $W$ boson at the LHC}",
	institution   = "CERN",
	address       = "Geneva",
	number        = "ATL-COM-PHYS-2014-875",
	month         = "Jul",
	year          = "2014",
	reportNumber  = "ATL-COM-PHYS-2014-875",
	url           = "https://cds.cern.ch/record/1744695",
}

@article{Martin:392675,
	author        = "Martin, A D and Roberts, R G and Stirling, William James
	and Thorne, R S",
	title         = "{Parton Distributions and the LHC: W and Z Production;
	rev. version}",
	journal       = "Eur. Phys. J. C",
	number        = "hep-ph/9907231. DTP-99-64. OUTP-99-31-P. RAL-TR-99-047",
	volume        = "14",
	pages         = "133-145. 30 p",
	month         = "Jul",
	year          = "1999",
	reportNumber  = "hep-ph/9907231",
	url           = "https://cds.cern.ch/record/392675",
	doi           = "10.1007/s100520000324",
}

@book{Griffiths,
	author        = "Griffiths, David J",
	title         = "{Introduction to elementary particles; 2nd rev. version}",
	publisher     = "Wiley",
	address       = "New York, NY",
	series        = "Physics textbook",
	year          = "2008",
	url           = "https://cds.cern.ch/record/111880",
}
@book{landau_mech,
	abstract = {{Devoted to the foundation of mechanics, namely classical Newtonian mechanics, the subject is based mainly on Galileo's principle of relativity and Hamilton's principle of least action.  The exposition is simple and leads to the most complete direct means of solving problems in mechanics.<br><br>The final sections on adiabatic invariants have been revised and augmented.  In addition a short biography of L D Landau has been inserted.}},
	added-at = {2014-01-09T15:14:33.000+0100},
	author = {Landau, L. D. and Lifshitz, E. M.},
	biburl = {https://www.bibsonomy.org/bibtex/232094700279b0b29535b00eef69fe8a2/jaspervh},
	citeulike-article-id = {556680},
	citeulike-linkout-0 = {http://www.amazon.ca/exec/obidos/redirect?tag=citeulike09-20&amp;path=ASIN/0750628960},
	citeulike-linkout-1 = {http://www.amazon.de/exec/obidos/redirect?tag=citeulike01-21&amp;path=ASIN/0750628960},
	citeulike-linkout-2 = {http://www.amazon.fr/exec/obidos/redirect?tag=citeulike06-21&amp;path=ASIN/0750628960},
	citeulike-linkout-3 = {http://www.amazon.jp/exec/obidos/ASIN/0750628960},
	citeulike-linkout-4 = {http://www.amazon.co.uk/exec/obidos/ASIN/0750628960/citeulike00-21},
	citeulike-linkout-5 = {http://www.amazon.com/exec/obidos/redirect?tag=citeulike07-20&path=ASIN/0750628960},
	citeulike-linkout-6 = {http://www.worldcat.org/isbn/0750628960},
	citeulike-linkout-7 = {http://books.google.com/books?vid=ISBN0750628960},
	citeulike-linkout-8 = {http://www.amazon.com/gp/search?keywords=0750628960&index=books&linkCode=qs},
	citeulike-linkout-9 = {http://www.librarything.com/isbn/0750628960},
	day = 15,
	edition = 3,
	howpublished = {Paperback},
	interhash = {6f178049fbce8cb4c2a285196adc8a07},
	intrahash = {32094700279b0b29535b00eef69fe8a2},
	isbn = {0750628960},
	keywords = {book},
	month = jan,
	posted-at = {2011-05-23 16:54:22},
	priority = {2},
	publisher = {Butterworth-Heinemann},
	timestamp = {2014-01-09T15:14:33.000+0100},
	title = {Mechanics, Third Edition: Volume 1 (Course of Theoretical Physics)},
	url = {http://www.worldcat.org/isbn/0750628960},
	year = 1976
}



@article{brownian,
	title = {Über die von der molekularkinetischen Theorie der Wärme geforderte Bewegung von in ruhenden Flüssigkeiten suspendierten Teilchen},
	author = {Einstein, A.},
	journal = {Annalen der Physik},
	volume = {322},
	issue = {5},
	pages = {549–560},
	numpages = {0},
	year = {1905},
	month = {May},
	doi = {10.1002/andp.19053220806},
	url = {https://doi.org/10.1002/andp.19053220806}
}

@article{YangMills,
	title = {Conservation of Isotopic Spin and Isotopic Gauge Invariance},
	author = {Yang, C. N. and Mills, R. L.},
	journal = {Phys. Rev.},
	volume = {96},
	issue = {1},
	pages = {191--195},
	numpages = {0},
	year = {1954},
	month = {Oct},
	publisher = {American Physical Society},
	doi = {10.1103/PhysRev.96.191},
	url = {https://link.aps.org/doi/10.1103/PhysRev.96.191}
}
@techreport{atlas_trigger,
	author        = "Ruiz-Martinez, Aranzazu and ATLAS Collaboration",
	title         = "{The Run-2 ATLAS Trigger System}",
	institution   = "CERN",
	address       = "Geneva",
	number        = "ATL-DAQ-PROC-2016-003",
	month         = "Feb",
	year          = "2016",
	reportNumber  = "ATL-DAQ-PROC-2016-003",
	url           = "https://cds.cern.ch/record/2133909",
	doi           = "10.1088/1742-6596/762/1/012003",
}
@article{atlas_experiment,
	author         = "Aad, G. and others",
	title          = "{The ATLAS Experiment at the CERN Large Hadron Collider}",
	collaboration  = "ATLAS",
	journal        = "JINST",
	volume         = "3",
	year           = "2008",
	pages          = "S08003",
	doi            = "10.1088/1748-0221/3/08/S08003",
	SLACcitation   = "%%CITATION = JINST,3,S08003;%%"
}

@book{id_tdr2,
	author        = "Haywood, S and Rossi, L and Nickerson, R and Romaniouk, A",
	title         = "{ATLAS inner detector: Technical Design Report, 2}",
	publisher     = "CERN",
	collaboration = "ATLAS Collaboration",
	address       = "Geneva",
	series        = "Technical Design Report ATLAS",
	year          = "1997",
	reportNumber  = "CERN-LHCC-97-017",
	url           = "http://cds.cern.ch/record/331064",
}

@book{id_tdr1,
	title         = "{ATLAS inner detector: Technical Design Report, 1}",
	publisher     = "CERN",
	collaboration = "ATLAS Collaboration",
	address       = "Geneva",
	series        = "Technical Design Report ATLAS",
	year          = "1997",
	reportNumber  = "CERN-LHCC-97-016",
	url           = "https://cds.cern.ch/record/331063",
}

@book{magnet_tdr1,
	title         = "{ATLAS magnet system: Technical Design Report, 1}",
	publisher     = "CERN",
	collaboration = "ATLAS Collaboration",
	address       = "Geneva",
	series        = "Technical Design Report ATLAS",
	year          = "1997",
	reportNumber  = "CERN-LHCC-97-018",
	url           = "https://cds.cern.ch/record/338080",
}
@article{higgs_atlas,
      author         = "Aad, Georges and others",
      title          = "{Observation of a new particle in the search for the
                        Standard Model Higgs boson with the ATLAS detector at the
                        LHC}",
      collaboration  = "ATLAS",
      journal        = "Phys. Lett.",
      volume         = "B716",
      year           = "2012",
      pages          = "1-29",
      doi            = "10.1016/j.physletb.2012.08.020",
      eprint         = "1207.7214",
      archivePrefix  = "arXiv",
      primaryClass   = "hep-ex",
      reportNumber   = "CERN-PH-EP-2012-218",
      SLACcitation   = "%%CITATION = ARXIV:1207.7214;%%"
}

@article{higgs_cms,
      author         = "Chatrchyan, Serguei and others",
      title          = "{Observation of a New Boson at a Mass of 125 GeV with the
                        CMS Experiment at the LHC}",
      collaboration  = "CMS",
      journal        = "Phys. Lett.",
      volume         = "B716",
      year           = "2012",
      pages          = "30-61",
      doi            = "10.1016/j.physletb.2012.08.021",
      eprint         = "1207.7235",
      archivePrefix  = "arXiv",
      primaryClass   = "hep-ex",
      reportNumber   = "CMS-HIG-12-028, CERN-PH-EP-2012-220",
      SLACcitation   = "%%CITATION = ARXIV:1207.7235;%%"
}

@techreport{lucid_1,
	author        = "chiodini, g and orlando, n and spagnolo, s",
	title         = "{ATLAS RPC time-of-flight performance}",
	institution   = "CERN",
	address       = "Geneva",
	number        = "ATL-MUON-PROC-2012-002",
	month         = "Apr",
	year          = "2012",
	reportNumber  = "ATL-MUON-PROC-2012-002",
	url           = "https://cds.cern.ch/record/1437020",
}

@book{muons_1,
	title         = "{ATLAS muon spectrometer: Technical Design Report}",
	publisher     = "CERN",
	collaboration = "ATLAS Collaboration",
	address       = "Geneva",
	series        = "Technical Design Report ATLAS",
	year          = "1997",
	reportNumber  = "CERN-LHCC-97-022",
	url           = "https://cds.cern.ch/record/331068",
	
}@techreport{muons_2,
author        = "Collaboration, ATLAS",
title         = "{Technical Design Report for the Phase-II Upgrade of the
ATLAS Muon Spectrometer}",
institution   = "CERN",
address       = "Geneva",
number        = "CERN-LHCC-2017-017. ATLAS-TDR-026",
month         = "Sep",
year          = "2017",
reportNumber  = "CERN-LHCC-2017-017",
url           = "https://cds.cern.ch/record/2285580",
}


@techreport{lucid_2,
	author        = "Bruschi, Marco",
	title         = "{The new ATLAS/LUCID detector}",
	institution   = "CERN",
	address       = "Geneva",
	number        = "ATL-FWD-PROC-2015-002",
	month         = "Jun",
	year          = "2015",
	reportNumber  = "ATL-FWD-PROC-2015-002",
	url           = "https://cds.cern.ch/record/2025000",
}

@article{alfa,
	author         = "Abdel Khalek, S. and others",
	title          = "{The ALFA Roman Pot Detectors of ATLAS}",
	journal        = "JINST",
	volume         = "11",
	year           = "2016",
	number         = "11",
	pages          = "P11013",
	doi            = "10.1088/1748-0221/11/11/P11013",
	eprint         = "1609.00249",
	archivePrefix  = "arXiv",
	primaryClass   = "physics.ins-det",
	SLACcitation   = "%%CITATION = ARXIV:1609.00249;%%"
}

@techreport{luminosity,
	title         = "{Luminosity determination in $pp$ collisions at
	$\sqrt{s}=13$ TeV using the ATLAS detector at the LHC}",
	institution   = "CERN",
	collaboration = "ATLAS Collaboration",
	address       = "Geneva",
	number        = "ATLAS-CONF-2019-021",
	month         = "Jun",
	year          = "2019",
	reportNumber  = "ATLAS-CONF-2019-021",
	url           = "https://cds.cern.ch/record/2677054",
}

@techreport{daq,
	author        = "Panduro Vazquez, William and ATLAS Collaboration",
	title         = "{The ATLAS Data Acquisition system in LHC Run 2}",
	institution   = "CERN",
	collaboration = "ATLAS Collaboration",
	address       = "Geneva",
	number        = "ATL-DAQ-PROC-2017-007. 3",
	month         = "Feb",
	year          = "2017",
	reportNumber  = "ATL-DAQ-PROC-2017-007",
	url           = "https://cds.cern.ch/record/2244345",
	doi           = "10.1088/1742-6596/898/3/032017",
}

@article{einstein,
	author =       "Albert Einstein",
	title =        "{Zur Elektrodynamik bewegter K{\"o}rper}. ({German})
	[{On} the electrodynamics of moving bodies]",
	journal =      "Annalen der Physik",
	volume =       "322",
	number =       "10",
	pages =        "891--921",
	year =         "1905",
	DOI =          "http://dx.doi.org/10.1002/andp.19053221004",
	keywords =     "physics"
}
@ARTICLE{lorentz,
	author = {{Lorentz}, H.~A.},
	title = "{Simplified Theory of Electrical and Optical Phenomena in Moving Systems}",
	journal = {Koninklijke Nederlandse Akademie van Wetenschappen Proceedings Series B Physical Sciences},
	year = 1898,
	month = jan,
	volume = {1},
	pages = {427-442},
	adsurl = {https://ui.adsabs.harvard.edu/abs/1898KNAB....1..427L},
	adsnote = {Provided by the SAO/NASA Astrophysics Data System}
}
@Article{poincare,
	author={Poincare, M. H.},
	title={Sur la dynamique de l'electron},
	journal={Rendiconti del Circolo Matematico di Palermo (1884-1940)},
	year={1906},
	month={Dec},
	day={01},
	volume={21},
	number={1},
	pages={129-175},
	issn={0009-725X},
	doi={10.1007/BF03013466},
	url={https://doi.org/10.1007/BF03013466}
}

@Article{lbl_th,
	author={AKHIESER, A.
	and LANDAU, L.
	and POMERANCHOOK, I.},
	title={Scattering of Light by Light},
	journal={Nature},
	year={1936},
	month={Aug},
	day={01},
	volume={138},
	number={3483},
	pages={206-206},
	abstract={IN a recent paper1 Euler and Kockel have calculated the effective cross-section for the scattering of light by light. The calculation was carried out for the case of small frequencies ( mc2), the frequencies being taken in a frame of reference, where the total momentum of the colliding quanta vanishes.},
	issn={1476-4687},
	doi={10.1038/138206a0},
	url={https://doi.org/10.1038/138206a0}
}


@article{lbl_exp,
	title = {Observation of Light-by-Light Scattering in Ultraperipheral $\mathrm{Pb}+\mathrm{Pb}$ Collisions with the ATLAS Detector},
	author = {Aad, G. et al.},
	collaboration = {ATLAS Collaboration},
	journal = {Phys. Rev. Lett.},
	volume = {123},
	issue = {5},
	pages = {052001},
	numpages = {21},
	year = {2019},
	month = {Jul},
	publisher = {American Physical Society},
	doi = {10.1103/PhysRevLett.123.052001},
	url = {https://link.aps.org/doi/10.1103/PhysRevLett.123.052001}
}

@article{drellyan,
	title = {Massive Lepton-Pair Production in Hadron-Hadron Collisions at High Energies},
	author = {Drell, Sidney D. and Yan, Tung-Mow},
	journal = {Phys. Rev. Lett.},
	volume = {25},
	issue = {5},
	pages = {316--320},
	numpages = {0},
	year = {1970},
	month = {Aug},
	publisher = {American Physical Society},
	doi = {10.1103/PhysRevLett.25.316},
	url = {https://link.aps.org/doi/10.1103/PhysRevLett.25.316}
}

@article{dis1,
	title = {Observed Behavior of Highly Inelastic Electron-Proton Scattering},
	author = {Breidenbach, M. and Friedman, J. I. and Kendall, H. W. and Bloom, E. D. and Coward, D. H. and DeStaebler, H. and Drees, J. and Mo, L. W. and Taylor, R. E.},
	journal = {Phys. Rev. Lett.},
	volume = {23},
	issue = {16},
	pages = {935--939},
	numpages = {0},
	year = {1969},
	month = {Oct},
	publisher = {American Physical Society},
	doi = {10.1103/PhysRevLett.23.935},
	url = {https://link.aps.org/doi/10.1103/PhysRevLett.23.935}
}
@article{feynman_partons,
	title = {Very High-Energy Collisions of Hadrons},
	author = {Feynman, Richard P.},
	journal = {Phys. Rev. Lett.},
	volume = {23},
	issue = {24},
	pages = {1415--1417},
	numpages = {0},
	year = {1969},
	month = {Dec},
	publisher = {American Physical Society},
	doi = {10.1103/PhysRevLett.23.1415},
	url = {https://link.aps.org/doi/10.1103/PhysRevLett.23.1415}
}


@article{bjorken,
	title = {Asymptotic Sum Rules at Infinite Momentum},
	author = {Bjorken, J. D.},
	journal = {Phys. Rev.},
	volume = {179},
	issue = {5},
	pages = {1547--1553},
	numpages = {0},
	year = {1969},
	month = {Mar},
	publisher = {American Physical Society},
	doi = {10.1103/PhysRev.179.1547},
	url = {https://link.aps.org/doi/10.1103/PhysRev.179.1547}
}

@article{ALTARELLI,
	title = "Asymptotic freedom in parton language",
	journal = "Nuclear Physics B",
	volume = "126",
	number = "2",
	pages = "298 - 318",
	year = "1977",
	issn = "0550-3213",
	doi = "https://doi.org/10.1016/0550-3213(77)90384-4",
	url = "http://www.sciencedirect.com/science/article/pii/0550321377903844",
	author = "G. Altarelli and G. Parisi",
	abstract = "A novel derivation of the Q2 dependence of quark and gluon densities (of given helicity) as predicted by quantum chromodynamics is presented. The main body of predictions of the theory for deep-inleastic scattering on either unpolarized or polarized targets is re-obtained by a method which only makes use of the simplest tree diagrams and is entirely phrased in parton language with no reference to the conventional operator formalism."
}
@article{Gribov:1972ri,
	author = "Gribov, V.N. and Lipatov, L.N.",
	title = "{Deep inelastic e p scattering in perturbation theory}",
	reportNumber = "IPTI-381-71",
	journal = "Sov. J. Nucl. Phys.",
	volume = "15",
	pages = "438--450",
	year = "1972"
}
@article{Dokshitzer:1977sg,
	author = "Dokshitzer, Yuri L.",
	title = "{Calculation of the Structure Functions for Deep Inelastic Scattering and e+ e- Annihilation by Perturbation Theory in Quantum Chromodynamics.}",
	journal = "Sov. Phys. JETP",
	volume = "46",
	pages = "641--653",
	year = "1977"
}
@article{Lipatov:1974qm,
	author = "Lipatov, L.N.",
	title = "{The parton model and perturbation theory}",
	journal = "Sov. J. Nucl. Phys.",
	volume = "20",
	pages = "94--102",
	year = "1975"
}

@inbook{lhec,
	author = "Klein, Max",
	editor = "Levy, Aharon and Forte, Stefano and Ridolfi, Giovanni",
	title = "{Future Deep Inelastic Scattering with the LHeC}",
	booktitle = "{From My Vast Repertoire ...}: {Guido Altarelli's Legacy}",
	eprint = "1802.04317",
	archivePrefix = "arXiv",
	primaryClass = "hep-ph",
	doi = "10.1142/9789813238053\_0015",
	pages = "303--347",
	year = "2019"
}

@inbook{Mangano:2015ejw,
	author = "Mangano, Michelangelo L.",
	title = "{Production of electroweak bosons at hadron colliders: theoretical aspects}",
	eprint = "1512.00220",
	archivePrefix = "arXiv",
	primaryClass = "hep-ph",
	reportNumber = "CERN-PH-TH-2015-286",
	doi = "10.1142/9789814733519\_0013",
	volume = "26",
	pages = "231--253",
	year = "2016"
}
@article{HAUTMANN2020135478,
	title = "Non-perturbative contributions to vector-boson transverse momentum spectra in hadronic collisions",
	journal = "Physics Letters B",
	volume = "806",
	pages = "135478",
	year = "2020",
	issn = "0370-2693",
	doi = "https://doi.org/10.1016/j.physletb.2020.135478",
	url = "http://www.sciencedirect.com/science/article/pii/S0370269320302823",
	author = "Francesco Hautmann and Ignazio Scimemi and Alexey Vladimirov",
	abstract = "Experimental measurements of Drell-Yan (DY) vector-boson production are available from the Large Hadron Collider (LHC) and from lower-energy collider and fixed-target experiments. In the region of low vector-boson transverse momenta qT, which is important for the extraction of the W-boson mass at the LHC, QCD contributions from non-perturbative Sudakov form factors and intrinsic transverse momentum distributions become relevant. We study the potential for determining such contributions from fits to LHC and lower-energy experimental data, using the framework of low-qT factorization for DY differential cross sections in terms of transverse momentum dependent (TMD) distribution functions. We investigate correlations between different sources of TMD non-perturbative effects, and correlations with collinear parton distributions. We stress the relevance of accurate DY measurements at low masses and with fine binning in transverse momentum for improved determinations of long-distance contributions to Sudakov evolution processes and TMDs."
}

@article{PhysRevD.100.074027,
	title = {Production of $Z$ bosons in the parton branching method},
	author = {Bermudez Martinez, A. and Connor, P. L. S. and Dominguez Damiani, D. and Estevez Banos, L. I. and Hautmann, F. and Jung, H. and Lidrych, J. and Schmitz, M. and Taheri Monfared, S. and Wang, Q. and \ifmmode \check{Z}\else \v{Z}\fi{}leb\ifmmode \check{c}\else \v{c}\fi{}\'{\i}k, R.},
	journal = {Phys. Rev. D},
	volume = {100},
	issue = {7},
	pages = {074027},
	numpages = {10},
	year = {2019},
	month = {Oct},
	publisher = {American Physical Society},
	doi = {10.1103/PhysRevD.100.074027},
	url = {https://link.aps.org/doi/10.1103/PhysRevD.100.074027}
}
@book{Ellis:1991qj,
	author = "Ellis, R.Keith and Stirling, W.James and Webber, B.R.",
	title = "{QCD and collider physics}",
	isbn = "978-0-511-82328-2, 978-0-521-54589-1",
	publisher = "Cambridge University Press",
	volume = "8",
	month = "2",
	year = "2011"
}
@article{proton_struct,
	author = "Gao, Jun and Harland-Lang, Lucian and Rojo, Juan",
	title = "{The Structure of the Proton in the LHC Precision Era}",
	eprint = "1709.04922",
	archivePrefix = "arXiv",
	primaryClass = "hep-ph",
	doi = "10.1016/j.physrep.2018.03.002",
	journal = "Phys. Rept.",
	volume = "742",
	pages = "1--121",
	year = "2018"
}
@inbook{factorization,
	author = "Collins, John C. and Soper, Davison E. and Sterman, George F.",
	title = "{Factorization of Hard Processes in QCD}",
	eprint = "hep-ph/0409313",
	archivePrefix = "arXiv",
	reportNumber = "ITP-SB-89-31",
	doi = "10.1142/9789814503266\_0001",
	volume = "5",
	pages = "1--91",
	year = "1989"
}

@article{Awramik,
	author = "Awramik, M. and Czakon, M. and Freitas, A. and Weiglein, G.",
	title = "{Precise prediction for the W boson mass in the standard model}",
	eprint = "hep-ph/0311148",
	archivePrefix = "arXiv",
	reportNumber = "DCPT-03-146, DESY-03-184, FERMILAB-PUB-03-239-T, IPPP-03-73",
	doi = "10.1103/PhysRevD.69.053006",
	journal = "Phys. Rev. D",
	volume = "69",
	pages = "053006",
	year = "2004"
}

@techreport{lbl_exp2,
	author        = "Schmieden, Kristof",
	title         = "{Observation of Light-by-Light scattering in ATLAS}",
	institution   = "CERN",
	collaboration = "ATLAS Collaboration",
	address       = "Geneva",
	number        = "ATL-PHYS-PROC-2019-155",
	month         = "Nov",
	year          = "2019",
	reportNumber  = "ATL-PHYS-PROC-2019-155",
	url           = "https://cds.cern.ch/record/2701830",
}

@book{LAr_calo,
	title         = "{ATLAS liquid-argon calorimeter: Technical Design Report}",
	publisher     = "CERN",
	collaboration = "ATLAS Collaboration",
	address       = "Geneva",
	series        = "Technical Design Report ATLAS",
	year          = "1996",
	reportNumber  = "CERN-LHCC-96-041",
	url           = "https://cds.cern.ch/record/331061",
}

@book{Tile_calo,
	title         = "{ATLAS tile calorimeter: Technical Design Report}",
	publisher     = "CERN",
	collaboration = "ATLAS Collaboration",
	address       = "Geneva",
	series        = "Technical Design Report ATLAS",
	year          = "1996",
	reportNumber  = "CERN-LHCC-96-042",
	url           = "https://cds.cern.ch/record/331062",
}


@article{egamma_perf_2017,
      title         = "{Electron and photon performance measurements with the
ATLAS detector using the 2015-2017 LHC proton-proton
collision data}",
journal       = "JINST",
collaboration = "ATLAS Collaboration",
number        = "arXiv:1908.00005. 12",
volume        = "14",
pages         = "P12006. 70 p",
month         = "Aug",
year          = "2019",
reportNumber  = "arXiv:1908.00005",
url           = "https://cds.cern.ch/record/2684552",
note          = "31 figures, 3   tables. All figures including auxiliary
figures are   available at  
https://atlas.web.cern.ch/Atlas/GROUPS/PHYSICS/PAPERS/EGAM-2018-01",
doi           = "10.1088/1748-0221/14/12/P12006",
}

@techreport{sshapes_simulation,
	title         = "{Expected electron performance in the ATLAS experiment}",
	institution   = "CERN",
	address       = "Geneva",
	number        = "ATL-PHYS-PUB-2011-006",
	month         = "Apr",
	year          = "2011",
	reportNumber  = "ATL-PHYS-PUB-2011-006",
	url           = "http://cds.cern.ch/record/1345327",
}

@techreport{geant_corr,
	title         = "{Data/MC Comparison for Calorimeter Shower Shapes of High Et Electrons}",
	institution   = "CERN",
	address       = "Geneva",
	number        = "ATL-COM-PHYS-2011-1299",
	url           = "https://atlas.web.cern.ch/Atlas/GROUPS/PHYSICS/EGAMMA/PublicPlots/20111005/ATL-COM-PHYS-2011-1299/index.html",
}


@article{RecoID2011,
	title 	= "{Electron reconstruction and identification efficiency
	measurements with the ATLAS detector using the 2011 LHC
	proton-proton collision data. Electron reconstruction and
	identification efficiency measurements with the ATLAS
	detector using the 2011 LHC proton-proton collision data}",
     journal       = "Eur. Phys. J. C",
	collaboration = "ATLAS Collaboration",
	number        = "CERN-PH-EP-2014-040. CERN-PH-EP-2014-040",
	pages         = "74. 38 p",
	month         = "Apr",
	year          = "2014",
	reportNumber  = "CERN-PH-EP-2014-040",
	url           = "https://cds.cern.ch/record/1694142",
	note          = "Comments: 38 pages plus author list (62 pages total), 20
	figures, 4 tables, submitted to JHEP, All figures including
	auxiliary figures are available at
	https://atlas.web.cern.ch/Atlas/GROUPS/PHYSICS/PAPERS/PERF-2013-03/",
	doi           = "10.1140/epjc/s10052-014-2941-0",
}


@online{sm_wiki,
	ALTauthor = {Wikipedia},
	title = {Standard Model particles},
	date = {12.05.2020},
	url = {https://en.wikipedia.org/wiki/Standard_Model},
}
@online{coupl_wiki,
	ALTauthor = {Wikipedia},
	title = {Standard Model particles},
	date = {12.05.2020},
	url = {https://en.wikipedia.org/wiki/Coupling_constant},
}
@online{conf_wiki,
	ALTauthor = {Wikipedia},
	title = {Standard Model particles},
	date = {12.05.2020},
	url = {https://en.wikipedia.org/wiki/Color_confinement},
}


@online{bunch_crossing,
	ALTauthor = {Taking a closer look at LHC},
	title = {LHC p collisions},
	date = {24.04.2010},
	url = {https://www.lhc-closer.es/taking_a_closer_look_at_lhc/0.lhc_p_collisions},
}

@online{rf_cavities,
	ALTauthor = {Taking a closer look at LHC},
	title = {RF cavities},
	date = {24.04.2010},
	url = {https://www.lhc-closer.es/taking_a_closer_look_at_lhc/0.rf_cavities},
}

@online{hydro,
	ALTauthor = {Taking a closer look at LHC},
	title = {The source of protons},
	date = {24.04.2010},
	url = {https://www.lhc-closer.es/taking_a_closer_look_at_lhc/0.proton_source}
}

@online{sequence,
	author = {CERN},
		title = {CERN's accelerator complex},
	url = {https://home.cern/science/accelerators/accelerator-complex}
}

@online{collisions,
	author = {LHC outreach},
	title = {CERN's accelerator complex},
	url = {https://lhc-machine-outreach.web.cern.ch/collisions.htm}
}
@book{Wilson:513326,
	author        = "Wilson, Edmund J N",
	title         = "{An introduction to particle accelerators}",
	publisher     = "Oxford Univ. Press",
	address       = "Oxford",
	year          = "2001",
	url           = "http://cds.cern.ch/record/513326",
	doi           = "10.1093/acprof:oso/9780198508298.001.0001"
}
@article{Lumi,
	author        = "Herr, Werner and Muratori, B",
	title         = "{Concept of luminosity}",
	year          = "2006",
	url           = "https://cds.cern.ch/record/941318",
	doi           = "10.5170/CERN-2006-002.361"
}

@article{Bruning:2668521,
	author        = "Bruning, Oliver and Rossi, Lucio",
	title         = "{The High-Luminosity Large Hadron Collider}",
	journal       = "Nature Rev. Phys.",
	number        = "CERN-ACC-2019-0039",
	volume        = "1",
	pages         = "1. 3 p",
	month         = "Mar",
	year          = "2019",
	reportNumber  = "CERN-ACC-2019-0039",
	url           = "https://cds.cern.ch/record/2668521",
	doi           = "10.1038/s42254-019-0050-6",
}

@Article{Martin2000,
	author={Martin, A. D.
	and Roberts, R. G.
	and Stirling, W. J.
	and Thorne, R. S.},
	title={Parton distributions and the LHC: W and Z production},
	journal={The European Physical Journal C - Particles and Fields},
	year={2000},
	month={May},
	day={01},
	volume={14},
	number={1},
	pages={133-145},
	abstract={W and Z bosons will be produced copiously at the LHC proton-proton collider. We study the parton distribution dependence of the total production cross sections and rapidity distributions, paying particular attention to the uncertainties arising from uncertainties in the parton distributions themselves. Variations in the gluon, the strong coupling, the sea quarks and the overall normalisation are shown to lead to small but non-negligible variations in the cross section predictions. Ultimately, therefore, the measurement of these cross sections will provide a powerful cross check on our knowledge of parton distributions and their evolution.},
	issn={1434-6052},
	doi={10.1007/s100520000324},
	url={https://doi.org/10.1007/s100520000324}
}

@article{Halzen:2013bqa,
	author = "Halzen, Francis and Jeong, Yu Seon and Kim, C.S.",
	title = "{Charge Asymmetry of Weak Boson Production at the LHC and the Charm Content of the Proton}",
	eprint = "1304.0322",
	archivePrefix = "arXiv",
	primaryClass = "hep-ph",
	doi = "10.1103/PhysRevD.88.073013",
	journal = "Phys. Rev. D",
	volume = "88",
	pages = "073013",
	year = "2013"
}

@Article{Wxsec2017,
	author={Aaboud, M. et al.},
	title={Precision measurement and interpretation of inclusive {\$}{\$}W^+{\$}{\$}W+, {\$}{\$}W^-{\$}{\$}W-and {\$}{\$}Z/{\backslash}gamma ^*{\$}{\$}Z/$\gamma$∗production cross sections with the ATLAS detector},
	journal={The European Physical Journal C},
	year={2017},
	month={Jun},
	day={02},
	volume={77},
	number={6},
	pages={367},
	abstract={High-precision measurements by the ATLAS Collaboration are presented of inclusive {\$}{\$}W^+ {\backslash}rightarrow {\backslash}ell ^+{\backslash}nu {\$}{\$}W+{\textrightarrow}ℓ+$\nu$, {\$}{\$}W^- {\backslash}rightarrow {\backslash}ell ^-{\backslash}bar{\{}{\backslash}nu {\}}{\$}{\$}W-{\textrightarrow}ℓ-$\nu${\textasciimacron}and {\$}{\$}Z/{\backslash}gamma ^* {\backslash}rightarrow {\backslash}ell {\backslash}ell {\$}{\$}Z/$\gamma$∗{\textrightarrow}ℓℓ({\$}{\$}{\backslash}ell =e,{\backslash}mu {\$}{\$}ℓ=e,$\mu$) Drell--Yan production cross sections at the LHC. The data were collected in proton--proton collisions at {\$}{\$}{\backslash}sqrt{\{}s{\}} = 7{\backslash},{\backslash}text {\{}TeV{\}}{\$}{\$}s=7TeVwith an integrated luminosity of {\$}{\$}4.6{\backslash},{\backslash}mathrm {\{}fb{\}}^{\{}-1{\}}{\$}{\$}4.6fb-1. Differential {\$}{\$}W^+{\$}{\$}W+and {\$}{\$}W^-{\$}{\$}W-cross sections are measured in a lepton pseudorapidity range {\$}{\$}|{\backslash}eta {\_}{\{}{\backslash}ell {\}}|<2.5{\$}{\$}|$\eta$ℓ|<2.5. Differential {\$}{\$}Z/{\backslash}gamma ^*{\$}{\$}Z/$\gamma$∗cross sections are measured as a function of the absolute dilepton rapidity, for {\$}{\$}|y{\_}{\{}{\backslash}ell {\backslash}ell {\}}| < 3.6{\$}{\$}|yℓℓ|<3.6, for three intervals of dilepton mass, {\$}{\$}m{\_}{\{}{\backslash}ell {\backslash}ell {\}}{\$}{\$}mℓℓ, extending from 46 to {\$}{\$}150{\backslash},{\backslash},{\backslash}text {\{}GeV{\}}{\$}{\$}150GeV. The integrated and differential electron- and muon-channel cross sections are combined and compared to theoretical predictions using recent sets of parton distribution functions. The data, together with the final inclusive {\$}{\$}e^{\{}{\backslash}pm {\}}p{\$}{\$}e{\textpm}pscattering cross-section data from H1 and ZEUS, are interpreted in a next-to-next-to-leading-order QCD analysis, and a new set of parton distribution functions, ATLAS-epWZ16, is obtained. The ratio of strange-to-light sea-quark densities in the proton is determined more accurately than in previous determinations based on collider data only, and is established to be close to unity in the sensitivity range of the data. A new measurement of the CKM matrix element {\$}{\$}{\backslash}vert V{\_}{\{}cs{\}} {\backslash}vert {\$}{\$}|Vcs|is also provided.},
	issn={1434-6052},
	doi={10.1140/epjc/s10052-017-4911-9},
	url={https://doi.org/10.1140/epjc/s10052-017-4911-9}
}

@article{Anastasiou:2003ds,
	author = "Anastasiou, Charalampos and Dixon, Lance J. and Melnikov, Kirill and Petriello, Frank",
	title = "{High precision QCD at hadron colliders: Electroweak gauge boson rapidity distributions at NNLO}",
	eprint = "hep-ph/0312266",
	archivePrefix = "arXiv",
	reportNumber = "SLAC-PUB-10288, UH-511-1042-03",
	doi = "10.1103/PhysRevD.69.094008",
	journal = "Phys. Rev. D",
	volume = "69",
	pages = "094008",
	year = "2004"
}
@article{Bizon:2019zgf,
	author = "Bizon, Wojciech and Gehrmann-De Ridder, Aude and Gehrmann, Thomas and Glover, Nigel and Huss, Alexander and Monni, Pier Francesco and Re, Emanuele and Rottoli, Luca and Walker, Duncan M.",
	title = "{The transverse momentum spectrum of weak gauge bosons at N ${}^3$ LL + NNLO}",
	eprint = "1905.05171",
	archivePrefix = "arXiv",
	primaryClass = "hep-ph",
	reportNumber = "ZU-TH 21/1, CERN-TH-2019-050, LAPTH-026/19, IPPP/19/38",
	doi = "10.1140/epjc/s10052-019-7324-0",
	journal = "Eur. Phys. J. C",
	volume = "79",
	number = "10",
	pages = "868",
	year = "2019"
}
@article{2beams,
	author = {De Maria, Riccardo and Brüning, Oliver and Leonid, Rivkin},
	year = {2008},
	month = {01},
	title = {LHC Interaction region upgrade}
}
@online{run2lumi,
	author = {The ATLAS collaboration},
	year = {2018},
	month = {01},
	pages = {},
	title = {Number of Interactions per Crossing},
	url = {https://twiki.cern.ch/twiki/bin/view/AtlasPublic/LuminosityPublicResultsRun2}
}
